@article{einstein,
    author = "Albert Einstein",
    title = "{Zur Elektrodynamik bewegter K{\"o}rper}. ({German})
    [{On} the electrodynamics of moving bodies]",
    journal = "Annalen der Physik",
    volume = "322",
    number = "10",
    pages = "891--921",
    year = "1905",
    DOI = "http://dx.doi.org/10.1002/andp.19053221004",
    keywords = "physics"
}
@inproceedings{burrows1994block,
  title={A block-sorting lossless data compression algorithm},
  author={Burrows, Michael and Wheeler, David},
  booktitle={Digital SRC Research Report},
  year={1994},
  organization={Citeseer}
}